@article{millions,
  author = {Xiao Yan},
  title = {Deextincted Animals},
  journal = {Millions of Years},
  year = {1996},
  volume = {1},
  number = {1},
  pages = {1--1},
  doi = {10.1102/deex.2022.24235436}
}

@INPROCEEDINGS{crater,
author = {yan lin},
title = {massive explosion},
booktitle = {meteor},
year = {1998},
volume = {},
number = {},
pages = {23-89},
doi = {10.1101/meter.2000.234293874}
}

@INPROCEEDINGS{cloud,
author = {yan lin,kin lio},
title = {massive clouds},
booktitle = {earth darkness},
year = {1999},
volume = {},
number = {},
pages = {232-589},
doi = {10.1101/cloud.2002.234293874}
}